@misc{hist,
  title = {Use hist() function in R to get percentages as opposed to raw frequencies},
  howpublished = {\url{https://stackoverflow.com/questions/7324683/use-hist-function-in-r-to-get-percentages-as-opposed-to-raw-frequencies}},
  note = {Visto el 23 de mayo 2023}
}
